@article{akram2018censloc,
  title={CEnsLoc: Infrastructure-Less Indoor Localization Methodology Using GMM Clustering-Based Classification Ensembles},
  author={Akram, Beenish Ayesha and Akbar, Ali Hammad and Kim, Ki-Hyung},
  journal={Mobile Information Systems},
  volume={2018},
  year={2018},
  publisher={Hindawi}
}
@article{cooper2016loco,
  title={LoCo: boosting for indoor location classification combining Wi-Fi and BLE},
  author={Cooper, Matthew and Biehl, Jacob and Filby, Gerry and Kratz, Sven},
  journal={Personal and Ubiquitous Computing},
  volume={20},
  number={1},
  pages={83--96},
  year={2016},
  publisher={Springer-Verlag}
}
@article{hultgren2015evaluating,
  title={Evaluating the usage of Bluetooth Low Energy Beacons and Smartphones for Indoor Positioning Systems},
  author={Hultgren, Milton and Papathanopoulos, Dionysios},
  year={2015}
}
@article{zhuang2016smartphone,
  title={Smartphone-based indoor localization with bluetooth low energy beacons},
  author={Zhuang, Yuan and Yang, Jun and Li, You and Qi, Longning and El-Sheimy, Naser},
  journal={Sensors},
  volume={16},
  number={5},
  pages={596},
  year={2016},
  publisher={Multidisciplinary Digital Publishing Institute}
}

@misc{Introduction,
title= {{Indoor positioning system [Online] Available at:}},
 howpublished = "\url{https://www.cs.waikato.ac.nz/ml/weka/}"}
@misc{Loco,
title= {Loco Guided Video{ [Online] Available at:}},
 howpublished = "\url{https://www.youtube.com/watch?v=bjbSwUveuXs
}"}

 
@misc{Localization,
title= {{Indoor localization using mobile app [Online] Available at:}},
 howpublished = "\url{https://medium.com/cuelogic-technologies/beacons-with-
mobile-app-7a5e42590c36
}"}
@misc{GPS,
title= {Global Positioning System { [Online] Available at:}},
 howpublished = "\url{https://www.intechopen.com/books/New-Approach-of-Indoor-and-Outdoor-Localization-Systems
}"}
@misc{GALILEO,
title= {GALILEO European Global Navigation Satellite System { [Online] Available at:}},
 howpublished = "\url{https://www.gsa.europa.eu/european-gnss/galileo/galileo-european-global-satellite-based-navigation-system
}"}

@article{belmonte2017indoor,
  title={An indoor positioning system based on wearables for ambient-assisted living},
  author={Belmonte-Fern{\'a}ndez, {\'O}scar and Puertas-Cabedo, Adrian and Torres-Sospedra, Joaqu{\'\i}n and Montoliu-Col{\'a}s, Ra{\'u}l and Trilles-Oliver, Sergi},
  journal={Sensors},
  volume={17},
  number={1},
  pages={36},
  year={2017},
  publisher={Multidisciplinary Digital Publishing Institute}
}
@inproceedings{wei2018end,
  title={End-to-end Image-based Indoor Localization for Facility Operation and Management},
  author={Wei, Yujie and Akinci, Burcu},
  booktitle={ISARC. Proceedings of the International Symposium on Automation and Robotics in Construction},
  volume={35},
  pages={1--9},
  year={2018},
  organization={IAARC Publications}
}

@misc{IP,
title= {Indoor Positioning { [Online] Available at:}},
 howpublished = "\url{https://www.directionsmag.com/article/1598
}"}

@misc{GPSworks,
title= {How GPS works { [Online] Available at:}},
 howpublished = "\url{http://1-https//spymonde.com/gps-tracking/how-your-gps-works
}"}
	
@misc{UPS,
title= {Ultrasonic Positioning System { [Online] Available at:}},
 howpublished = "\url{https://www.ncbi.nlm.nih.gov/pmc/articles/PMC5713469/
}"}

@misc{BLEguide,
title= {BLE Guide { [Online] Available at:}},
 howpublished = "\url{https://blog.beaconstac.com/2018/08/ble-made-simple-a-complete-guide-to-ble-bluetooth-beacons/
}"}


@article{Sakpere2017ASS,
  title={A State-of-the-Art Survey of Indoor Positioning and Navigation Systems and Technologies},
  author={Wilson Sakpere and Michael Adeyeye Oshin and N. Mlitwa},
  journal={South African Computer Journal},
  year={2017},
  volume={29},
  pages={145-197}
}


@article{image,
author = {Kawaji, Hisato and Hatada, Koki and Yamasaki, Toshihiko and Aizawa, Kiyoharu},
year = {2010},
month = {01},
pages = {},
title = {Image-based indoor positioning system: Fast image matching using omnidirectional panoramic images},
doi = {10.1145/1878039.1878041}
}

@article{AAL,
author = {Belmonte Fernández, Oscar and Puertas-Cabedo, Adrian and Torres-Sospedra, Joaquín and Montoliu-Colás, Raúl and Trilles Oliver, Sergi},
year = {2016},
month = {12},
pages = {36},
title = {An Indoor Positioning System Based on Wearables for Ambient-Assisted Living},
volume = {17},
journal = {Sensors},
doi = {10.3390/s17010036}
}
@article{AR,
author = {Andri, Chairil and Alkawaz, Mohammed and Bibo, Amira},
year = {2018},
month = {10},
pages = {64-69},
title = {Adoption of Mobile Augmented Reality as a Campus Tour Application},
volume = {7},
journal = {International Journal of Engineering and Technology(UAE)},
doi = {10.14419/ijet.v7i4.11.20689}
}